<?xml version="1.0" encoding="UTF-8"?><collection xmlns="http://www.loc.gov/MARC21/slim"><record><leader>00412nam--2200157-i-4500</leader><controlfield tag="001">000048434</controlfield><controlfield tag="002">20161230</controlfield><controlfield tag="005">20170108210925</controlfield><controlfield tag="008">060222s1000------------r-----000-0-eng-d</controlfield><datafield ind1=" " ind2=" " tag="100"><subfield code="a">Abdeeva, L. I</subfield></datafield><datafield ind1=" " ind2=" " tag="245"><subfield code="a">Lineinoe i vypukloe programmirovanie. Spravochnoe rukovodstvo</subfield></datafield><datafield ind1=" " ind2=" " tag="260"><subfield code="a">Moskva</subfield><subfield code="b">Izd. Nauka</subfield><subfield code="c">1964</subfield></datafield><datafield ind1=" " ind2=" " tag="300"><subfield code="a">348 p</subfield></datafield><datafield ind1=" " ind2=" " tag="700"><subfield code="a">Zuhovitkii, S. I</subfield></datafield><datafield ind1=" " ind2=" " tag="852"><subfield code="a">9885</subfield></datafield><datafield ind1=" " ind2=" " tag="CAT"><subfield code="a">SYS</subfield><subfield code="c">20170108</subfield><subfield code="h">210925</subfield></datafield></record></collection>